1624 3068
381 151 1022 209 PRAEFATIO.
1366 161 1401 203 v

28 284 161 336 'huic
191 284 366 334 Tomo
397 278 558 329 inseri
597 277 721 329 iu'ssi.
764 296 768 299 ¹
799 281 1003 328 Interea
1034 276 1288 343 temporis
1312 293 1406 326 na·

10 386 150 432 ctus
189 372 307 423 sum
348 371 642 430 Codicum,
706 387 842 436 quos
879 370 1199 419 bibliotheca
1243 369 1405 418 Guel-

32 445 366 535 pherbytana
398 460 651 521 custodit,
711 462 980 518 notitiam,
1018 478 1047 509 a
1077 460 1155 511 Cl.
1189 458 1405 519 Leistio,

3 557 127 608 'has
158 553 292 622 ipsas
324 554 501 602 literas
543 554 604 602 in
639 552 826 602 eadem
864 553 998 602 urbe
1036 550 1238 602 summa
1281 569 1406 600 cum

31 647 192 699 laude
236 643 548 713 profitente,
605 644 743 694 mihi
771 644 1171 710 perhumaniter
1206 641 1407 691 submi-

34 737 334 795 lustratam,
367 753 527 802 quam
547 736 652 794 hic,
691 752 1014 801 quamquam
1040 734 1294 783 alieniore
1327 734 1409 783 lo-

34 847 98 881 co
117 827 307 877 itidem
324 825 640 876 subnectam.
684 827 818 875 Sunt
845 837 1024 876 autem
1050 823 1219 876 codd.
1242 824 1330 873 hi:

6 950 70 995 Ἰ.
139 951 291 994 Codex
322 950 541 992 Gudianus
574 966 618 993 n.
661 959 766 1003 108.
797 951 1168 997 membranaceus,
1208 951 1254 989 in
1288 948 1410 995 folio,

108 1020 254 1075 ,quod
293 1029 473 1067 vocant,
524 1021 692 1061 minore
731 1021 932 1074 quadrato
974 1019 1169 1073 scriptus,
1215 1020 1412 1058 continet

134 1089 315 1129 Horatii
341 1089 547 1128 Carmina
572 1090 705 1145 (quae
725 1098 867 1128 tamen
889 1102 911 1127 a
931 1089 979 1128 L.
1004 1089 1037 1127 1.
1071 1101 1107 1128 c.
1131 1096 1207 1139 25.
1232 1087 1411 1126 demum

134 1156 367 1210 incipiunt)
385 1156 571 1210 Epodon
590 1156 755 1203 librum,
775 1158 918 1198 Arcem
936 1156 1146 1210 poeticam
1168 1164 1211 1194 et
1225 1155 1408 1194 Sat-iras.

135 1224 208 1264 Est
226 1225 262 1264 is
280 1223 374 1264 satis
397 1225 534 1276 nitide
555 1234 742 1265 exaratus
755 1255 765 1272 ‚
799 1226 1016 1278 literisque
1039 1224 1273 1263 initialibus
1294 1235 1412 1269 auro.

137 1291 255 1346 quod
279 1291 549 1332 diversicolor
569 1293 730 1345 pictura
751 1294 910 1345 ambit,
941 1293 1066 1332 illufis
1087 1293 1413 1338 condecoratus;

136 1373 270 1415 pauca
299 1361 346 1398 in
366 1372 417 1399 eo
450 1358 671 1413 scripturae
691 1362 971 1414 compendia,
1012 1361 1120 1399 nulli
1150 1359 1341 1404 muneri,
1375 1367 1418 1398 at

135 1427 292 1485 multas
318 1428 431 1467 inter
456 1427 588 1468 lineas
615 1427 666 1468 ab
695 1428 844 1468 eadem
874 1441 1004 1467 manu
1032 1426 1253 1483 adscriptas
1275 1427 1415 1467 variae

136 1495 335 1535 lectionis
354 1496 598 1536 notationes
622 1506 665 1538 et
683 1497 967 1536 correctiones
996 1495 1138 1536 habet.
1210 1496 1279 1536 Sic
1311 1509 1355 1535 v.
1379 1508 1414 1535 c.

137 1563 281 1604 Carm.
305 1563 381 1603 111.
395 1568 439 1618 4.
469 1577 484 1601 1
497 1594 507 1604 .
526 1563 678 1605 vitiose
695 1556 909 1604 exaratum
929 1557 1136 1624 Aescende
1157 1565 1203 1603 in
1222 1565 1416 1618 margine

139 1631 389 1686 corrigitur;
435 1631 574 1684 Epod.
606 1633 639 1673 Ι.
673 1639 717 1682 5.
747 1631 896 1687 quihus
925 1641 967 1672 te
1002 1633 1101 1671 vica
1131 1632 1159 1671 fi
1181 1626 1415 1692 superstite

142 1712 272 1754 prava
290 1699 418 1740 lectio
427 1697 496 1759 fic
514 1698 716 1754 adscripta
738 1700 808 1741 est.
856 1699 1157 1754 Inscriptiones
1176 1701 1415 1740 carminum

142 1767 336 1823 vulgares
360 1767 534 1807 exhibet
567 1769 733 1824 (veluti
756 1768 897 1809 Carm.
917 1769 995 1811 111.
1029 1777 1103 1820 13.
1153 1761 1417 1828 Profiuctice

139 1830 376 1894 insontem
395 1834 684 1893 blandnfium,
725 1838 798 1891 qui
815 1836 873 1898 est
894 1838 937 1877 in
970 1835 1155 1886 Sabino)
1183 1846 1227 1876 et
1257 1837 1303 1875 in
1334 1849 1417 1875 car·

142 1904 262 1943 mine
290 1903 521 1944 amoebaeo
546 1905 627 1946 111.
663 1917 708 1956 9.
735 1903 881 1945 Oratii
903 1913 944 1944 et
974 1905 1128 1944 Lidiae
1155 1905 1333 1944 nomina
1355 1905 1418 1943 in·

145 1969 334 2018 terserit,
378 1971 543 2012 adiecto
563 1973 726 2013 titulo:
778 1972 1100 2025 Ancepodocice.
1174 1973 1245 2012 Est
1270 1973 1414 2016 etiam.

142 2038 220 2078 ubi
259 2039 306 2078 in
337 2039 476 2092 plures
513 2050 652 2093 partes
697 2038 986 2094 dispescuntur
1026 2042 1231 2087 carmina,
1279 2039 1417 2080 veluti

142 2107 280 2148 Serm.
309 2107 367 2148 ΙΙ.
400 2117 442 2159 5.
479 2110 526 2147 in
548 2121 632 2162 quo
659 2123 703 2149 v.
741 2110 846 2160 163.
880 2109 1050 2148 Servius
1076 2108 1294 2161 Oppidius
1313 2117 1416 2148 caet.

0 2225 7 2237 ι
139 2187 313 2216 novum
332 2173 572 2219 sermonem
602 2178 753 2231 (plane
774 2186 822 2216 ut
841 2178 886 2216 in
908 2177 1025 2235 Coc]rx
1044 2175 1208 2230 Vpsal.)
1237 2178 1417 2216 orditur.

0 2238 11 2299 ξ
58 2260 61 2277 ι
147 2242 341 2283 Omnino
368 2243 438 2283 hic
465 2245 599 2285 codex
619 2246 669 2285 ab
691 2246 867 2285 indocto
895 2246 1068 2299 quidem
1093 2254 1131 2283 et
1152 2246 1255 2300 legis
1278 2245 1420 2284 metri·

145 2323 216 2353 cae
239 2311 435 2364 imperito
466 2312 647 2353 homine
675 2312 870 2367 scriptus,
910 2326 932 2352 e
961 2314 1076 2352 bono
1107 2321 1249 2353 tamen
1278 2326 1418 2353 exem·

143 2377 251 2433 plari
270 2379 421 2419 ductus
448 2381 642 2428 videtur,
675 2382 913 2438 dignusque
942 2381 1048 2421 adeo
1078 2380 1161 2427 est,
1204 2382 1278 2434 qui
1306 2393 1418 2420 cura-

146 2446 231 2491 tius
262 2446 516 2500 inspiciatur.

0 2521 6 2544 ³
47 2533 107 2593 Π.
145 2533 255 2575 cod.
277 2534 390 2577 Gud.
407 2551 451 2577 n.
479 2545 586 2588 185.
607 2538 652 2577 in
671 2545 717 2590 4.
738 2546 943 2594 vergente
963 2538 1011 2576 ad
1031 2538 1161 2578 finem
1172 2538 1287 2579 Saec.
1306 2537 1416 2577 XIV,

0 2620 3 2624 ·
148 2601 343 2656 scriptus,
376 2603 521 2657 paffirn
543 2615 773 2646 truncatus.
844 2606 983 2646 Habet
1012 2610 1154 2646 Arcem
1176 2615 1290 2659 poet.
1319 2607 1419 2645 iude

87 2688 93 2693 -
150 2683 174 2708 a
194 2683 237 2710 v.
269 2684 282 2709 ι
303 2685 374 2712 ιυ.
403 2672 629 2734 Epssolas
655 2684 697 2714 et
721 2675 981 2715 Sermonum
1008 2674 1056 2715 L.
1082 2675 1115 2714 Ι.

881 2751 884 2753 ·
1346 2741 1424 2781 ΙΠ.
