1624 3068
310 223 412 267 700
767 230 1166 263 ANALEGTA

303 340 537 380 stitueretur
552 348 778 393 temporum
800 343 992 383 dominus
1012 353 1110 384 caet.
1128 357 1140 384 ε
1178 358 1278 397 quae
1295 349 1464 400 quidem
1483 353 1620 393 omnia

302 413 459 446 tantam
487 416 780 447 contortorum
813 419 1127 462 praeceptorum
1162 411 1428 466 suggerebant
1460 414 1620 472 farragi-

301 486 422 519 nem;
458 482 503 511 ut
523 474 754 527 astrologis,
798 475 892 514 astra
917 489 967 514 ex
995 475 1176 529 ipsorum
1204 481 1436 521 commodis
1470 478 1619 536 (prout

300 540 622 591 uniuscuiusque
658 539 843 580 hominis
883 542 1094 582 desideriis
1134 544 1348 597 gratificari
1396 548 1618 600 cuperent)

296 605 617 657 interpretandi,
676 606 802 645 libera
844 608 983 647 relicta
1010 608 1119 648 ess‘et
1128 603 1320 662 potestas.

389 671 471 711 Sed
498 680 546 709 ut
567 672 649 710 iam
675 672 725 711 ad
754 672 887 724 ipsum
910 674 1072 714 Horatii
1097 688 1260 716 carmen
1281 677 1556 726 accedamus„
1574 689 1618 721 et

297 736 348 774 tle
367 738 415 776 iis
428 765 438 782 ‚
472 751 574 789 quae
593 739 639 776 in
658 750 709 777 eo
727 739 903 792 aliquam
922 753 972 780 ex
992 741 1217 796 Astrologia
1231 742 1368 783 lucem
1386 753 1428 784 et
1447 746 1615 797 explica»

295 804 457 843 tionem
493 805 715 843 admittant
743 808 812 846 vel
843 808 1074 859 requirant,
1132 808 1372 848 videamus:
1423 810 1614 852 versuum

296 869 465 908 illorum
499 873 585 920 (17
621 870 701 923 sqq.
716 868 757 924 ),
801 873 878 912 Seu
906 872 1058 918 Libra,
1105 867 1180 932 fine
1201 889 1264 913 me
1293 875 1486 927 Scorpius
1511 882 1610 919 caet:

294 934 457 975 sensus
446 951 489 975 m
507 937 747 977 universum
763 939 818 978 ita
844 938 934 978 sane
955 939 1010 978 est
1038 941 1354 992 concipiendus:
1395 940 1614 1003 Quaecmss-

292 1015 370 1055 que
378 997 561 1059 [ιω-ιι
544 1004 731 1043 cenicum
748 1019 857 1050 mea,
893 1006 986 1045 licet
1008 1001 1173 1064 divorsa
1193 1021 1221 1045 a
1239 1015 1336 1046 tua:
1369 1015 1505 1050 tamen
1526 1022 1617 1050 mea

293 1081 384 1105 cnm
403 1077 478 1107 tua
496 1070 647 1122 (quoad
667 1071 837 1122 quidem
854 1072 962 1111 vitae
982 1071 1120 1111 casus'
1108 1087 1154 1111 m
1171 1081 1342 1125 utraque
1361 1072 1614 1130 praefinitos)

291 1147 417 1187 quam
438 1138 613 1175 maxime
630 1131 884 1196 consentiat,
918 1133 1066 1195 nec-effe
1096 1137 1167 1197 est.
1229 1139 1347 1178 Hanc
1370 1136 1612 1181 sententiam

291 1200 488 1240 Horatius
500 1230 511 1247 ,
551 1212 676 1254 prout
693 1205 860 1255 quidem
879 1204 1076 1244 hactenus
1095 1207 1183 1243 eius
1200 1204 1339 1244 versus
1358 1206 1612 1259 interpretati

291 1265 384 1305 sunt
404 1268 483 1307 viri
503 1269 637 1314 docti,
666 1270 710 1308 in
730 1271 844 1309 hunc
864 1271 1039 1310 modum
1060 1271 1278 1322 (quamvis
1306 1270 1531 1329 ornatius)
1543 1287 1611 1315 ex·

290 1332 450 1385 preffit:
520 1333 800 1396 Quodcunque
806 1334 965 1395 fidus
949 1350 994 1376 m
1014 1338 1116 1378 hora
1137 1350 1226 1376 mea
1245 1337 1380 1377 natali
1398 1333 1609 1398 manserit.

290 1399 383 1439 licet
401 1397 606 1460 diversum
625 1416 654 1441 a
672 1411 770 1449 cuo;
801 1404 889 1448 v,el
932 1412 980 1441 ut
1007 1404 1185 1456 propriis
1211 1403 1422 1444 vocabulis
1446 1404 1610 1446 astrolo-

287 1467 388 1520 gieio¹
417 1477 603 1506 utamur:
661 1470 717 1507 In
745 1483 983 1523 quocunque
1004 1470 1182 1508 Zodiaci
1197 1467 1350 1527 fidere
1363 1465 1613 1529 horoscopa&¹

288 1547 396 1572 meus
413 1529 552 1591 fuerit
571 1536 783 1580 inventus,
809 1535 905 1574 licet
920 1529 1080 1594 diverso
1101 1549 1129 1574 a
1145 1537 1207 1574 tui
1229 1530 1446 1595 horoscopi
1456 1535 1607 1593 fidere}

287 1609 424 1639 tamen
447 1595 696 1659 horoscopus
715 1616 823 1640 meus
835 1615 926 1644 cum
944 1610 1015 1641 tuo
1031 1615 1155 1655 quam
1174 1603 1352 1641 maxime
1364 1598 1609 1662 consentiat,

283 1661 432 1724 nec-ff
451 1666 523 1726 ‘ss’
588 1668 738 1708 Stellae
758 1668 976 1708 hominem
993 1667 1227 1707 nascentem
1244 1663 1450 1727 adspicere
1467 1670 1607 1711 dicun-

285 1740 374 1777 tur,
407 1745 509 1785 quae
528 1734 573 1772 in
598 1735 686 1774 eius
712 1735 813 1773 hora
831 1735 954 1774 natali
974 1735 1020 1773 in
1044 1735 1160 1774 coelo
1176 1736 1233 1773 ita
1252 1735 1470 1775 collocatae
1491 1737 1605 1777 inve&

282 1800 477 1845 niumm,
511 1807 558 1838 ut
581 1802 626 1839 in
647 1814 744 1839 eum
765 1802 854 1839 vim
877 1802 1051 1853 aliquam
1072 1795 1221 1840 habere
1247 1802 1475 1841 credantur.
1538 1803 1609 1849 Sic

283 1865 414 1911 lidus,
459 1867 503 1904 in
522 1879 606 1918 quo
630 1867 686 1905 est
713 1866 987 1921 horoscopus,
1031 1867 1248 1907 hominem
1279 1866 1513 1908 nascentem
1540 1868 1606 1909 ad-

285 1930 433 1983 spicere
463 1933 547 1972 fine
577 1932 705 1972 dubio
734 1933 815 1971 dici
845 1934 991 1986 potest.
1063 1934 1127 1972 Ex
1155 1933 1340 1973 doctrina
1368 1923 1603 1988 astrologica

279 2000 406 2036 etiam
431 1998 535 2038 bene
568 1998 654 2037 fieri
674 1998 846 2051 potuit,
879 2009 950 2045 ut,
991 2000 1200 2052 quamvis,
1233 2013 1336 2052 quae
1359 2001 1404 2039 in
1422 2001 1601 2040 duorum

279 2065 502 2104 hominurn
522 2065 677 2103 diversa
698 2065 798 2104 hora
818 2067 941 2105 natali
959 2074 1216 2119 emergerent
1233 2067 1356 2121 signa,
1389 2067 1516 2106 ess'ent
1532 2068 1600 2107 vel

279 2133 458 2170 maxime
481 2131 660 2178 diversa3
692 2133 845 2184 reliqua
863 2141 1001 2172 tamen
1030 2133 1074 2170 in
1098 2132 1308 2185 utriusque
1339 2134 1526 2187 genitura
1555 2135 1603 2178 im

281 2199 396 2236 coelo
420 2199 475 2236 ita
493 2199 600 2236 inter
620 2198 658 2237 se
677 2199 966 2238 invenirentur
994 2198 1247 2244 constituta,'
1267 2208 1316 2238 ut
1333 2200 1469 2252 quoad
1490 2192 1596 2240 vale·

279 2266 483 2309 tudinem,
514 2273 717 2310 mortem,
751 2278 977 2318 omnesque
994 2266 1102 2305 vitae
1122 2264 1244 2310 casua,
1273 2264 1435 2318 prorsus
1453 2267 1599 2314 eadem

278 2330 518 2385 praesagiret
546 2332 758 2384 utriusque
783 2331 1050 2384 horoscopus.
1117 2332 1326 2370 Definitur
1350 2333 1465 2371 enim
1492 2333 1600 2372 vale<

278 2398 434 2437 tudinis
463 2399 692 2450 mortisque
717 2399 901 2438 conditio
922 2399 1100 2437 maxime
1130 2397 1417 2439 distribuend‘m
1443 2399 1597 2438 duodea

275 2464 358 2502 cim
379 2465 458 2503 illis
480 2464 623 2510 athlis‚
655 2477 833 2516 quorum
852 2464 966 2517 supra
986 2465 1144 2504 mentio
1163 2462 1266 2504 facta
1284 2463 1363 2509 est,
1395 2478 1468 2518 per
1495 2465 1595 2504 duo-

274 2531 409 2569 decim
434 2531 599 2570 Zodiaci
619 2531 727 2584 ligna
740 2545 752 2578 ;
793 2545 894 2584 quae
923 2530 1153 2570 distributio
1173 2543 1262 2570 non
1278 2528 1379 2571 inde
1395 2531 1445 2570 ab
1475 2531 1596 2571 horo-

273 2595 382 2649 scopi
400 2598 516 2651 figno
533 2597 779 2642 instituitur,
812 2597 881 2637 sed
900 2610 950 2636 ex
969 2598 1078 2638 Solis
1099 2597 1164 2636 vel
1185 2597 1326 2638 Lunae
1343 2597 1438 2642 situ,
1471 2605 1596 2650 prout

273 2664 462 2718 genitura
491 2663 546 2703 est
571 2664 717 2704 diurna
750 2665 816 2705 vel
840 2673 1066 2711 nocturna,
1121 2664 1236 2705 vario
1269 2664 1399 2705 modo
1426 2664 1592 2718 pendet.

1467 2730 1592 2786 Quod
