1624 3068
252 203 355 251 622

496 296 606 372 1'N

642 221 691 268 Q.
739 223 969 258 HORATII
1007 226 1190 260 FLACGI

691 319 1337 378 CAN1DX1AM.

753 509 1064 540 VARVS.

245 561 370 644 Iam
408 596 512 645 iam
550 594 738 643 efficaci
776 595 845 644 do
884 609 1068 645 manus
1106 595 1343 647 scientiae

243 686 496 750 Supplex,
536 694 586 731 et
624 700 718 732 oro
758 700 914 749 regna
951 701 1044 748 per
1084 684 1430 752 Proserpinae,

243 777 341 823 Per
374 783 424 821 et
460 773 657 821 Dianae
694 789 804 821 non
840 772 1098 821 movenda
1130 776 1364 833 numina,

243 863 340 912 Per
377 870 530 927 atque
569 859 732 910 libros
768 862 1058 910 carminum
1105 861 1394 913 valentium

297 1083 331 1104 v.
357 1081 373 1104 1
389 1075 516 1112 —52.
561 1069 679 1107 Varus
708 1067 888 1116 loquitur.

243 1127 394 1161 Summa
405 1124 564 1159 exordii:
594 1124 767 1164 Tandem,
778 1125 888 1172 idque

243 1181 406 1216 maximo
429 1180 635 1214 infortunio
654 1192 754 1218 meo,
784 1180 888 1215 fateri

242 1248 375 1286 cogor,
395 1233 577 1283 scientium
605 1235 691 1268 artis
720 1237 888 1285 magicae,

241 1301 335 1325 artes
365 1290 542 1340 magicas,
597 1302 685 1336 quas
715 1289 887 1325 hactenus

238 1346 442 1382 vaniffimas
460 1345 590 1383 habui,
618 1345 684 1379 effe
704 1345 888 1380 efficaciffi-

240 1414 337 1439 mas,
385 1400 645 1435 veneficiorum
692 1401 770 1435 vim
821 1402 887 1436 effe

238 1455 576 1505 praesentissimam,
645 1455 682 1489 in
712 1468 773 1490 me
809 1457 887 1504 ipso

238 1512 439 1560 potentiam
452 1522 579 1544 eorum
592 1520 772 1558 expertus.
802 1514 886 1546 Seu.

236 1567 372 1602 tentiae
389 1566 504 1616 igitut
529 1566 587 1600 vis
606 1567 645 1600 in
666 1566 778 1613 epith.
807 1566 885 1616 εἰθί-

237 1624 311 1656 caci
334 1621 556 1669 quaerenda3
594 1622 640 1655 do
663 1635 781 1658 manus
812 1621 885 1656 effl-

237 1678 352 1711 caciae
364 1675 552 1724 scientiae,
591 1676 690 1722 quod
710 1677 882 1723 exquisite

237 1732 378 1766 dictum
400 1743 487 1778 pro,
518 1731 694 1770 concedo,
733 1731 882 1782 largior,

235 1786 421 1822 veneficiis
457 1787 536 1820 vim
565 1787 672 1821 inesse
712 1786 879 1832 aliquam.

236 1842 398 1888 Supplex
429 1841 608 1891 originem
642 1841 881 1887 proverbialis

234 1901 295 1932 τοῦ
319 1897 402 1931 dare
421 1909 541 1930 manus
559 1895 754 1930 locutionis
783 1910 800 1930 a
826 1897 884 1931 vi-

235 1952 324 1990 ctis,
370 1951 533 1997 hostique
574 1952 639 1986 sese
667 1950 879 1986 dedentibus

234 2006 437 2045 desumme,
467 2005 603 2055 tangit,
633 2007 880 2053 cruciatusque

233 2062 378 2112 arguit,
436 2061 571 2109 quibus
611 2061 777 2096 confeffio
819 2062 879 2096 ista

234 2126 377 2151 extorta
398 2116 455 2151 est.
469 2136 521 2143 —
546 2126 580 2150 2.
596 2117 752 2152 Oramus
774 2126 880 2163 atque

232 2171 456 2207 obsecramus
501 2171 652 2206 alterum
701 2184 765 2218 per
810 2184 878 2210 res,

230 2239 319 2274 quau
359 2228 394 2260 ei
423 2227 550 2261 scimus
593 2226 779 2261 cariffimas
812 2227 879 2261 effe

231 2292 337 2328 atque
358 2281 592 2317 sanctiffimas.
623 2284 792 2328 Appolita
814 2283 879 2331 igi-

229 2346 293 2372 tur
303 2337 496 2371 obsecratio
515 2338 562 2370 est
573 2337 664 2384 apud
679 2337 877 2376 Canidiam,

228 2392 580 2440 pharmaceutriam,
617 2404 680 2438 per
710 2404 765 2425 res
788 2392 878 2427 infe-

228 2460 286 2482 ras
317 2446 450 2494 (regna
486 2446 762 2494 Proserpinae),
798 2447 877 2494 qui-

228 2500 382 2537 buscum
412 2503 549 2552 magiae
577 2501 766 2536 arctiffima
793 2514 876 2536 cou-

229 2558 371 2592 iunctio
410 2558 457 2593 est
493 2557 595 2601 (vid.
627 2557 670 2591 ad
701 2566 738 2599 5.
781 2561 872 2601 52.)

228 2614 380 2648 Dianam
430 2614 454 2647 s.
496 2615 677 2652 Hecaten,
727 2611 872 2646 istarum

228 2669 450 2716 omninoque
480 2667 614 2718 magici
641 2668 727 2703 sacri
754 2669 871 2702 Deam

1475 954 1581 1004 De-

932 1069 1124 1117 praefidem
1145 1069 1202 1116 (c.
1225 1069 1249 1105 l.
1270 1083 1310 1109 v.
1331 1072 1425 1116 51.)
1445 1080 1480 1106 et
1505 1070 1578 1120 ipsa

932 1127 1069 1172 magica
1089 1128 1239 1161 carmina
1257 1125 1324 1171 (v.
1345 1128 1431 1174 5.),
1469 1136 1511 1161 ut
1532 1127 1576 1162 ab

932 1180 1175 1216 incantatione
1201 1181 1357 1221 demisit,
1402 1181 1575 1216 instituta.

934 1235 1087 1269 Numina
1118 1237 1276 1274 Dianae,
1322 1237 1496 1284 quaesite,
1535 1237 1575 1271 in

932 1290 1094 1336 potentia
1112 1290 1221 1326 huius
1241 1291 1338 1326 Deae
1357 1290 1575 1331 declaranda,

933 1354 976 1378 ut
1003 1345 1088 1380 XV.
1118 1354 1154 1388 3.
1184 1355 1220 1381 ct
1247 1346 1378 1380 centies
1396 1345 1494 1381 alibi.
1516 1351 1574 1374 ’--

933 1412 1002 1433 ηοη
1039 1401 1230 1439 movenda,
1275 1399 1437 1446 ἀκίνητα,
1483 1414 1574 1448 quae

931 1447 1027 1488 sse'cti
1053 1464 1260 1502 nequeunt,
1299 1456 1449 1504 proprio
1478 1458 1575 1492 Deo-

931 1521 1012 1543 rum
1033 1510 1234 1544 inferorum
1263 1511 1452 1546 attributo.
1495 1514 1574 1547 Ma-

930 1591 952 1614 :a

928 1621 1085 1667 positum
1106 1621 1274 1660 videtur,
1303 1623 1328 1656 fi
1347 1634 1429 1656 cum
1442 1621 1573 1669 ”pleris-
1607 1624 1616 1640 ⁸

927 1686 998 1721 quc
1037 1675 1217 1726 intelligas
1262 1677 1400 1712 Dianae
1436 1689 1572 1712 numen

926 1741 1000 1763 non
1020 1729 1251 1770 irritandum,
1281 1732 1570 1779 exasperandum,

926 1786 1086 1832 respectu
1116 1786 1306 1821 immensae
1339 1787 1416 1822 eius
1445 1797 1571 1834 poten·
1614 1829 1620 1837 μ

927 1839 996 1874 tiae
1034 1841 1157 1885 (unde
1196 1841 1323 1886 σεμνῆ.
1361 1840 1450 1885 δεινὴ
1480 1842 1569 1886 θεὸς,

926 1895 983 1928 uti
999 1909 1034 1929 v.
1046 1908 1075 1929 c.
1095 1895 1268 1943 Apollon.
1284 1895 1354 1931 Rh.
1367 1899 1434 1931 111.
1452 1906 1567 1940 1213.

924 1949 1050 1996 audit)
1086 1959 1121 1984 et
1147 1951 1246 1997 quod.
1277 1950 1340 1985 dea
1362 1951 1568 1987 iracundior

925 2004 1123 2039 habebatur
1142 2005 1188 2039 ob
1200 2005 1379 2053 phasmata
1396 2007 1566 2052 (ὃασπ-λῆ·

925 2073 974 2099 τις
996 2059 1149 2097 Theocr.
1170 2063 1217 2096 11.
1245 2063 1334 2108 14.)
1362 2074 1401 2096 ac
1423 2061 1567 2108 phreni-

925 2114 1037 2148 tidem
1050 2139 1060 2154 ,
1107 2128 1176 2163 qua
1211 2115 1361 2150 lunatici
1390 2116 1566 2156 laborant,
1616 2112 1621 2150 J

924 2169 967 2204 ab
989 2183 1026 2204 ea
1057 2171 1210 2205 immitti
1229 2161 1372 2206 credita.
1437 2173 1566 2208 Noster

922 2226 967 2262 A.
999 2227 1036 2259 P.
1070 2231 1163 2272 454.
1179 2225 1362 2273 fanaticus
1399 2239 1493 2264 error
1530 2238 1567 2262 et

923 2281 1087 2314 iracunda
1108 2282 1243 2319 Diana.
1272 2281 1308 2315 h.
1329 2294 1348 2316 a
1367 2281 1484 2316 Diana
1495 2282 1565 2317 ira·
1619 2314 1624 2320 .

923 2335 1035 2369 cunda
1056 2335 1169 2372 menti
1187 2336 1352 2384 iniectus.
1382 2355 1438 2365 --
1458 2335 1503 2383 ’4.
1526 2346 1563 2380 5.

922 2390 989 2426 Per
1017 2402 1124 2425 artem
1161 2402 1256 2427 tuam
1282 2391 1560 2434 efficacissimam.

921 2445 1051 2479 Libros
1072 2448 1256 2481 carminum
1276 2456 1400 2486 vocat.
1436 2446 1483 2482 ob
1510 2447 1563 2481 in-

919 2500 1057 2534 finitam
1080 2500 1320 2537 formularum
1341 2501 1562 2552 magicarum

919 2555 1218 2596 multitudinem,
1267 2567 1354 2603 quas
1381 2557 1419 2590 in
1446 2556 1560 2592 libros

917 2610 1063 2660 digestas
1085 2612 1208 2650 fuisse,
1238 2612 1480 2659 superstitione
1499 2612 1561 2648 ista

918 2675 995 2701 tum
1018 2668 1191 2716 temporis
1212 2666 1324 2703 robur
1343 2677 1443 2702 nacta
1456 2692 1466 2706 ,
1505 2667 1562 2702 ad-

1409 2722 1562 2760 modum

932 1565 984 1599 ais
1006 1574 1123 1599 tamen
1142 1565 1186 1600 ad
1203 1566 1408 1601 sententiam
1425 1566 1498 1602 loci
1516 1579 1572 1615 ap·
1621 1609 1624 1614 1
