1624 3068
247 190 305 245 1'v
601 198 1231 250 PRAEFATIO.

356 323 496 371 Illud
528 334 700 372 autem
730 324 948 371 minime
985 325 1248 375 ambitiose
1274 329 1418 377 'mihi
1448 329 1578 379 affir-

244 426 384 458 mare
410 409 547 475 posse
568 412 780 468 videor,
817 429 900 460 me
922 413 979 460 in
1007 414 1304 463 accurandis
1326 416 1577 480 posterio-
1616 410 1624 415 ”

241 499 386 546 ribus
430 499 511 546 his
553 501 839 547 carminum
895 501 1046 549 libris
1082 503 1260 565 paullo
1297 504 1579 555 intentiore

241 585 414 634 studio
442 585 697 635 versatum
723 585 843 645 effe,
881 585 984 636 sive
1013 589 1159 653 quod
1187 591 1491 655 interpretes
1518 595 1576 642 in

241 674 321 730 iis,
361 661 579 722 maxime
605 677 661 722 in
681 664 792 724 toto
817 677 1102 724 carminum
1124 678 1307 726 habitu
1330 695 1386 727 ac
1405 679 1575 745 dispo-

241 759 426 809 sitione
465 773 600 810 recte
650 763 790 828 apud
830 764 1061 813 animum
1105 763 1434 815 informanda
1471 767 1576 816 'sae-

241 851 358 914 pius
380 852 573 898 remitti
604 862 758 915 atque
789 869 815 899 a
844 869 970 901 vero
1006 853 1274 902 deflectere
1306 855 1576 921 'cognosce-

238 950 374 995 rem,
411 937 515 985 sive
543 937 775 1002 ipsorum
797 942 1086 989 carminum
1115 941 1362 1006 dignitate
1382 961 1438 991 ac
1468 960 1575 992 ma-

235 1025 408 1074 iestate
431 1043 492 1075 eo
520 1026 829 1085 adducerer,
869 1031 1127 1093 novisque
1153 1029 1371 1079 subinde
1395 1030 1574 1081 stimu-

236 1115 300 1162 lis
338 1116 595 1162 excitarer.
684 1115 1206 1166 Consummatissimae
1241 1121 1381 1167 enim
1408 1121 1572 1184 plera-

237 1219 344 1266 que
374 1203 523 1258 artis,
568 1192 673 1250 sivsse
702 1216 1131 1267 argumentorum
1162 1208 1273 1254 vim
1309 1224 1365 1254 ac
1395 1218 1573 1255 tracta-

235 1291 433 1338 tionem
448 1325 462 1346 ,
500 1288 602 1338 five
626 1290 1003 1339 excelsissimum
1025 1294 1224 1357 ingenii
1247 1293 1435 1351 nisum,
1466 1289 1570 1343 sive

234 1377 598 1426 sententiarum
631 1380 956 1442 gravitatem,
1003 1379 1108 1428 five
1144 1380 1371 1444 denique
1403 1399 1571 1431 enun-

234 1467 465 1521 tiationis
504 1462 696 1528 spectes
738 1467 979 1524 virtutes,
1058 1470 1328 1516 Hor-atiani
1368 1471 1568 1545 ingenii

232 1555 554 1602 monimenta
579 1555 637 1601 in
672 1554 753 1603 his
791 1555 936 1603 libris
967 1558 1248 1615 contineri,
1304 1561 1567 1606 neminem

232 1652 336 1688 tam
359 1641 558 1689 hebetis
578 1641 766 1689 iudicii
787 1641 881 1690 effe
905 1644 1149 1702 arbitror,
1197 1646 1327 1709 quin
1357 1645 1464 1712 ipse
1494 1646 1567 1694 fa-

233 1730 330 1777 cile
357 1728 551 1777 sentiat.
1295 1791 1298 1794 ἢ

337 1818 621 1866 'Caeterum
652 1835 810 1882 quam
837 1836 1024 1884 verum
1051 1820 1134 1878 fit,
1177 1821 1323 1886 quod
1358 1821 1564 1880 dicitur,

231 1906 340 1954 dies
369 1905 511 1952 diem
537 1905 716 1963 docet,
756 1909 1020 1955 neminem
1047 1913 1208 1974 magis
1235 1912 1457 1974 experiri
1489 1928 1566 1959 ar-

197 1995 396 2043 fbitror
440 2010 596 2058 quam
647 1995 1007 2059 interpretem,
1063 2014 1223 2060 quem
1268 1999 1564 2047 mirandum

228 2099 340 2132 non
372 2081 467 2138 est,
513 2079 548 2128 fi
572 2084 628 2129 in
660 2083 888 2147 longiori
918 2100 1073 2148 opere
1112 2098 1506 2149 nonnumquam
1536 2105 1564 2134 a

230 2182 370 2220 recto
390 2171 590 2217 tramite
651 2233 654 2239 Δ
677 2182 835 2228 erret,
875 2189 929 2219 ac
949 2171 1129 2219 sensim
1154 2173 1218 2220 ad
1236 2175 1356 2222 alias
1386 2191 1561 2223 rerum

229 2261 471 2308 notiones
519 2246 798 2306 delabatur.
888 2265 1030 2328 Quae
1079 2262 1239 2325 igitur
1284 2261 1562 2310 incidenda

228 2358 317 2396 aut
345 2347 490 2394 aliter
530 2346 884 2396 constituenda
919 2349 1173 2406 iudicavi,
1229 2366 1465 2414 quaeque
1496 2351 1560 2399 ad

225 2445 406 2502 poetae
435 2434 723 2483 doctrinam
747 2425 1102 2484 illustrandam
1133 2448 1221 2486 aut
1245 2439 1462 2487 omnino
1496 2439 1560 2486 ad

226 2524 579 2574 liberaliorem
603 2524 1079 2589 interpretationem
1101 2523 1375 2590 spectantia
1397 2525 1559 2576 serius

228 2627 257 2659 a
280 2627 362 2659 me
393 2611 741 2667 animadversa
764 2612 909 2670 sunt,
955 2630 1013 2661 ea
1041 2615 1099 2662 in
1130 2612 1317 2664 fascem
1348 2616 1559 2665 collecta

1433 2703 1559 2751 huic
